<record><leader>00000cas a22000007a 4500</leader><controlfield tag="001">14396979</controlfield><controlfield tag="008">861015d18761939iauwr ne      0    0eng d</controlfield><datafield ind1=" " ind2=" " tag="010"><subfield code="a">sn 86061119 </subfield></datafield><datafield ind1=" " ind2=" " tag="040"><subfield code="a">INP</subfield><subfield code="b">eng</subfield><subfield code="c">INP</subfield><subfield code="d">OCLCQ</subfield></datafield><datafield ind1=" " ind2=" " tag="042"><subfield code="a">msc</subfield></datafield><datafield ind1="0" ind2=" " tag="130"><subfield code="a">Cascade pioneer (Cascade, Iowa : 1876)</subfield></datafield><datafield ind1="1" ind2="0" tag="245"><subfield code="a">Cascade pioneer.</subfield></datafield><datafield ind1=" " ind2=" " tag="260"><subfield code="a">Cascade, Iowa :</subfield><subfield code="b">C.H. Monger,</subfield><subfield code="c">-1939.</subfield></datafield><datafield ind1=" " ind2=" " tag="300"><subfield code="a">v.</subfield></datafield><datafield ind1=" " ind2=" " tag="310"><subfield code="a">Weekly</subfield></datafield><datafield ind1="1" ind2=" " tag="362"><subfield code="a">Began June 23, 1876.</subfield><subfield code="z">Cf. Bibl. of Iowa newspapers.</subfield></datafield><datafield ind1="0" ind2=" " tag="362"><subfield code="a">-v. 62, no. 26 (Dec. 14, 1939).</subfield></datafield><datafield ind1=" " ind2=" " tag="500"><subfield code="a">Special centennial edition published as: Vol. 59, no. 1 (June 28, 1934).</subfield></datafield><datafield ind1=" " ind2=" " tag="500"><subfield code="a">Published on Friday.</subfield></datafield><datafield ind1=" " ind2=" " tag="588"><subfield code="a">Description based on: Vol. 1, no. 2 (June 30, 1876).</subfield></datafield><datafield ind1=" " ind2=" " tag="752"><subfield code="a">United States</subfield><subfield code="b">Iowa</subfield><subfield code="c">Dubuque</subfield><subfield code="d">Cascade.</subfield></datafield><datafield ind1="0" ind2="7" tag="785"><subfield code="t">Farley advertiser</subfield><subfield code="w">(DLC)sn 86061118</subfield></datafield><datafield ind1="0" ind2="7" tag="785"><subfield code="t">Cascade pioneer and advertiser</subfield><subfield code="w">(DLC)sn 86061120</subfield></datafield></record>